
@misc{ttZ,
	url={https://cds.cern.ch/record/2873517/files/ATLAS-CONF-2023-063.pdf},
	title={Inclusive and differential cross section measurements of ttZ production in pp collisions at sqrt(s) = 13 TeV with the ATLAS detector, including EFT and spin correlations interpretations}, journal={The ATLAS Collaboration},
	year = {2023}} 
	
	
@misc{ttZimage,
	author = {Bessidskaia Bylund, Olga},
	year = {2016},
	month = {09},
	pages = {237},
	title = {Measurement of ttZ and ttW production at ATLAS in 13 TeV data, using trilepton and same charge dimuon final states},
	doi = {10.22323/1.276.0237}
}