
@misc{ttZ,
	title={Inclusive and differential cross-section measurements of $t\bar{t}Z$ production in $pp$ collisions at $\sqrt{s}=13$ TeV with the ATLAS detector, including EFT and spin-correlation interpretations}, 
	author={ATLAS Collaboration},
	year={2023},
	eprint={2312.04450},
	archivePrefix={arXiv},
	primaryClass={hep-ex}
}
	
@misc{ttZimage,
	author = {Bessidskaia Bylund, Olga},
	year = {2016},
	month = {09},
	pages = {237},
	title = {Measurement of ttZ and ttW production at ATLAS in 13 TeV data, using trilepton and same charge dimuon final states},
	doi = {10.22323/1.276.0237}
}